@misc{spidercam,
    title={Home},
    url={https://www.spidercam.tv/},
    journal={Spidercam GmbH},
    year={2023},
    month={Apr}
}

@misc{matterhackers_2020,
    title = {What material should I use in a high temperature environment?},
    url = {https://help.matterhackers.com/article/109-what-material-should-i-use-in-a-high-temperature-environment},
    journal = {MatterHackers Knowledge Base},
    author = {MatterHackers},
    year = {2020},
    month = {Aug}
}

@misc{hlmp-hg64-data-sheet_2009,
    title={AV02-1568en DS HLMP-HG64 04NOV09 - TME},
    url={https://www.tme.eu/Document/e17ac5a5d91f1e843e5681cfa4a5ba4b/HLMP-HG64-VY0DD.pdf},
    journal={HLMP-HG64 Data Sheet},
    year={2009},
    month={Nov}
}
@misc{schimansky_2021,
    title={Tomschimansky/customtkinter: A modern and customizable python UI-library based on Tkinter},
    url={https://github.com/TomSchimansky/CustomTkinter},
    journal={GitHub}, author={Schimansky, Tom},
    year={2021},
    month={Feb}
}

@misc{cnc4you,
    title={4NM Stepper Motor - Cnc4you.co.uk},
    url={https://cnc4you.co.uk/resources/Stepper%20Motor%20Nema%2023%2060BYGH401-03%204Nm.pdf},
    journal={CNC4YOU}
}

@misc{ipc-2221,
     title={Association connecting Electronics Industries IPC-2221A},
     url={http://www-eng.lbl.gov/~shuman/NEXT/CURRENT_DESIGN/TP/MATERIALS/IPC-2221A(L).pdf},
     journal={IPC-2221}
}